@misc{CoreNLP,
    author = "Stanford NLP Group",
    title = "CoreNLP",
    url = "https://stanfordnlp.github.io/CoreNLP/"
}

@misc{CoreNLPGit,
    author = "Stanford NLP Group",
    title = "stanford CoreNLP GitHub",
    url = "https://github.com/stanfordnlp/CoreNLP"
}

@misc{CoreNLPUsage,
    author = "Stanford NLP Group",
    title = "CoreNLP Usage",
    url = "https://stanfordnlp.github.io/CoreNLP/usage.html"
}

@misc{CoreNLPDemo,
    author = "Stanford NLP Group",
    title = "CoreNLP Demo",
    url = "https://stanfordnlp.github.io/CoreNLP/demo.html"
}

@article{ToolkitPaper,
    author  = "Christopher D. Manning and Mihai Surdeanu and John Bauer and Jenny Finkel and Steven J. Bethard and David McClosky",
    title   = "The Stanford CoreNLP Natural Language Processing Toolkit",
    year    = "2014",
    journal = "Proceedings of the 52nd Annual Meeting of the Association for Computational Linguistics: System Demonstrations",
    pages   = "55-60"
}

@misc{Tock,
    author = "Tock",
    title = "Tock Documentation",
    url = "https://doc.tock.ai/tock/fr/"
}

@misc{FSFfreedoms,
    author = "Free Software Foundation",
    title = "What is Free Software?",
    url = "https://www.gnu.org/philosophy/free-sw.html.en"
}

% Biblatex entry model

@article{review,
    author  = "Caleb Rascon and Ivan Meza",
    title   = "Localization of sound sources in robotics: A review",
    year    = "2017",
    journal = "Robotics and Autonomous Systems, Elsevier",
    %volume  = "96",
    number  = "96",
    pages   = "184-210"
}


@misc{Cog,
    author = "MIT Humanoids Robotics Group",
    title = "Cog",
}

@misc{CogSSL,
    author = "Robert Eiichi Irie",
    title = "Robust Sound Localization: An Application of an Auditory Perception System for a Humanoid Robot",
    type = "Master of Science Thesis. MIT",
    year = "1995"
}

@misc{mudancaClimatica,
    author = "Jornal Globo",
    title = "Enchentes, neve e calor extremo: como as mudanças climáticas afetam o planeta",
    year = "2021",
    url = "https://g1.globo.com/natureza/video/enchentes-neve-e-calor-extremo-como-as-mudancas-climaticas-afetam-o-planeta-9753090.ghtml",
    urldate = "2021-09-09"
}

